@misc{a2024_svelte,
	month = {02},
	title = {Svelte (Framework)},
	url = {https://de.wikipedia.org/wiki/Svelte_(Framework)},
	urldate = {2024-03-15},
	year = {2024},
	organization = {Wikipedia}
}

@misc{autorenderwikimediaprojekte_2021_svelte,
	author = {Autoren der Wikimedia-Projekte},
	month = {06},
	publisher = {Wikimedia Foundation, Inc.},
	title = {Svelte (Framework)},
	url = {https://de.wikipedia.org/wiki/Svelte_(Framework)},
	urldate = {2024-03-15},
	year = {2021},
	organization = {Wikipedia.org}
}

@misc{a2024_gradingbot,
	title = {GradingBot - Making Learning and Exam Grading Effortless},
	url = {https://gradingbot.htl-hl.ac.at/},
	urldate = {2024-03-15},
	year = {2024},
	organization = {Htl-hl.ac.at}
}

@misc{autorenderwikimediaprojekte_2003_prft,
	author = {Autoren der Wikimedia-Projekte},
	month = {09},
	publisher = {Wikimedia Foundation, Inc.},
	title = {prüft und bewertet Software auf Einhaltung Anforderungen und Qualität},
	url = {https://de.wikipedia.org/wiki/Softwaretest},
	urldate = {2024-03-15},
	year = {2003},
	organization = {Wikipedia.org}
}

@misc{a2024_kreieren,
	title = {Kreieren Sie effiziente Umfragen | SurveyMonkey},
	url = {https://de.surveymonkey.com/mp/writing-survey-questions/},
	urldate = {2024-03-15},
	year = {2024},
	organization = {SurveyMonkey}
}

@article{marr_2022_latex,
	author = {Marr, Thobias},
	month = {09},
	publisher = {heise online},
	title = {LaTeX: Abbildungsverzeichnis automatisch erstellen},
	doi = {https://heise.de/-7261837},
	url = {https://www.heise.de/tipps-tricks/LaTeX-Abbildungsverzeichnis-automatisch-erstellen-7261837.html},
	urldate = {2024-03-18},
	year = {2022},
	journal = {Tipps-Tricks}
}

@article{worldhealthorganization_2020_world,
	author = {World Health Organization and Bank, World},
	publisher = {World Health Organization},
	title = {World report on disability 2011},
	doi = {9789241564182},
	url = {https://iris.who.int/handle/10665/44575},
	urldate = {2024-03-19},
	year = {2020},
	journal = {Who.int}
}

@misc{a2018_web,
	month = {10},
	title = {Web Accessibility for Visual Impairments},
	url = {https://monsido.com/blog/web-accessibility-visual-impairments},
	urldate = {2024-03-19},
	year = {2018},
	organization = {Monsido.com}
}

@misc{autorenderwikimediaprojekte_2002_gemeinschaftlich,
	author = {Autoren der Wikimedia-Projekte},
	month = {06},
	publisher = {Wikimedia Foundation, Inc.},
	title = {gemeinschaftlich entwickeltes, freies Betriebssystem},
	url = {https://de.wikipedia.org/wiki/Debian},
	urldate = {2024-03-19},
	year = {2002},
	organization = {Wikipedia.org}
}

@misc{autorenderwikimediaprojekte_2003_netzwerkprotokoll,
	author = {Autoren der Wikimedia-Projekte},
	month = {01},
	publisher = {Wikimedia Foundation, Inc.},
	title = {Netzwerkprotokoll},
	url = {https://de.wikipedia.org/wiki/Secure_Shell#Verwendung},
	urldate = {2024-03-20},
	year = {2003},
	organization = {Wikipedia.org}
}

@misc{autorenderwikimediaprojekte_2009_freie,
	author = {Autoren der Wikimedia-Projekte},
	month = {02},
	publisher = {Wikimedia Foundation, Inc.},
	title = {freie Unix-Shell},
	url = {https://de.wikipedia.org/wiki/Bash_(Shell)},
	urldate = {2024-03-20},
	year = {2009},
	organization = {Wikipedia.org}
}

@misc{a2024_dockerjavadockerjava,
	month = {02},
	title = {docker-java/docker-java: Java Docker API Client},
	url = {https://github.com/docker-java/docker-java/tree/main},
	urldate = {2024-03-21},
	year = {2024},
	organization = {GitHub}
}

@misc{autorenderwikimediaprojekte_2010_datenbankmanagementsystem,
	author = {Autoren der Wikimedia-Projekte},
	month = {04},
	publisher = {Wikimedia Foundation, Inc.},
	title = {Datenbankmanagementsystem, Open Source, relational, aus MySQL entstanden},
	url = {https://de.wikipedia.org/wiki/MariaDB},
	urldate = {2024-03-21},
	year = {2010},
	organization = {Wikipedia.org}
}

@misc{a2024_about,
	month = {03},
	title = {About MariaDB Server - MariaDB.org},
	url = {https://mariadb.org/about/},
	urldate = {2024-03-21},
	year = {2024},
	organization = {MariaDB.org}
}

@misc{a2024_oauth,
	title = {OAuth 2.0 — OAuth},
	url = {https://oauth.net/2/},
	urldate = {2024-03-22},
	year = {2024},
	organization = {Oauth.net}
}

@misc{a2023_element,
	month = {12},
	title = {Element: mouseover event - Web APIs | MDN},
	url = {https://developer.mozilla.org/en-US/docs/Web/API/Element/mouseover_event},
	urldate = {2024-03-22},
	year = {2023},
	organization = {MDN Web Docs}
}

@misc{dockerjavadocstransportsmd,
	title = {docker-java/docs/transports.md at main · docker-java/docker-java},
	url = {https://github.com/docker-java/docker-java/blob/main/docs/transports.md},
	urldate = {2024-03-22},
	organization = {GitHub}
}

@misc{a2020_docker,
	title = {Docker Hub},
	url = {https://hub.docker.com/},
	year = {2020},
	organization = {Docker.com}
}

@misc{a2024_markdown,
	title = {Markdown Guide},
	url = {https://www.markdownguide.org/},
	urldate = {2024-03-23},
	year = {2024},
	organization = {Markdownguide.org}
}

@misc{autorenderwikimediaprojekte_2014_virtualisierungssoftware,
	author = {Autoren der Wikimedia-Projekte},
	month = {08},
	publisher = {Wikimedia Foundation, Inc.},
	title = {virtualisierungssoftware, die Anwendungen in Container isoliert},
	url = {https://de.wikipedia.org/wiki/Docker_(Software)#Funktionen},
	urldate = {2024-03-23},
	year = {2014},
	organization = {Wikipedia.org}
}

@misc{a2024_home,
	title = {Home},
	url = {https://docs.docker.com/},
	urldate = {2024-03-23},
	year = {2024},
	organization = {Docker Documentation}
}

@misc{a2024_backoff,
	title = {Backoff and Retry – Polling – Complete Intro to Realtime},
	url = {https://btholt.github.io/complete-intro-to-realtime/backoff-and-retry},
	urldate = {2024-03-23},
	year = {2024},
	organization = {Github.io}
}

@misc{ibm_2023_what,
	author = {IBM},
	title = {What is a REST API? | IBM},
	url = {https://www.ibm.com/topics/rest-apis},
	year = {2023},
	organization = {www.ibm.com}
}

@misc{spring_2019_spring,
	author = {Spring},
	title = {Spring Projects},
	url = {https://spring.io/projects/spring-boot},
	year = {2019},
	organization = {Spring.io}
}

@misc{celestedg_microsoft,
	author = {CelesteDG},
	title = {Microsoft Graph documentation},
	url = {https://learn.microsoft.com/en-us/graph/},
	organization = {learn.microsoft.com}
}

@misc{a2022_pocketbase,
	title = {PocketBase - Open Source backend in 1 file},
	url = {https://pocketbase.io/},
	urldate = {2024-03-24},
	year = {2022},
	organization = {Pocketbase.io}
}

@misc{autorenderwikimediaprojekte_2002_relationale,
	author = {Autoren der Wikimedia-Projekte},
	month = {07},
	publisher = {Wikimedia Foundation, Inc.},
	title = {relationale Datenbank-Abfragesprache},
	url = {https://de.wikipedia.org/wiki/SQL},
	urldate = {2024-03-24},
	year = {2002},
	organization = {Wikipedia.org}
}

@misc{a2024_usage,
	title = {Usage Statistics and Market Share of Nginx, March 2024},
	url = {https://w3techs.com/technologies/details/ws-nginx#:~:text=Nginx%20is%20used%20by%2034.2,whose%20web%20server%20we%20know.},
	urldate = {2024-03-24},
	year = {2024},
	organization = {W3techs.com}
}

@misc{autorenderwikimediaprojekte_2009_opensourcewebserver,
	author = {Autoren der Wikimedia-Projekte},
	month = {02},
	publisher = {Wikimedia Foundation, Inc.},
	title = {Open-Source-Webserver und ein Reverse-Proxy-Server},
	url = {https://de.wikipedia.org/wiki/Nginx#Verbreitung},
	urldate = {2024-03-24},
	year = {2009},
	organization = {Wikipedia.org}
}

@misc{autorenderwikimediaprojekte_2007_art,
	author = {Autoren der Wikimedia-Projekte},
	month = {10},
	publisher = {Wikimedia Foundation, Inc.},
	title = {Art von Proxy},
	url = {https://de.wikipedia.org/wiki/Reverse_Proxy},
	urldate = {2024-03-24},
	year = {2007},
	organization = {Wikipedia.org}
}

@misc{a2019_systemdservices,
	title = {systemd/Services - Debian Wiki},
	url = {https://wiki.debian.org/systemd/Services},
	urldate = {2024-03-25},
	year = {2019},
	organization = {Debian.org}
}

@misc{baeldung_2021_baeldung,
	author = {baeldung},
	month = {02},
	title = {Baeldung},
	url = {https://www.baeldung.com/linux/run-java-application-as-service},
	urldate = {2024-03-25},
	year = {2021},
	organization = {Baeldung on Linux}
}

@misc{piotrsobu_2020_pm2,
	author = {Piotr Sobuś},
	month = {02},
	publisher = {Medium},
	title = {PM2: Share the same daemon process between multiple users},
	url = {https://sobus-piotr.medium.com/pm2-share-the-same-daemon-process-between-multiple-users-dd7ecae6197a},
	urldate = {2024-03-25},
	year = {2020},
	organization = {Medium}
}

@misc{a2024_gitea,
	title = {Gitea Actions | Gitea Documentation},
	url = {https://docs.gitea.com/usage/actions/overview},
	urldate = {2024-03-25},
	year = {2024},
	organization = {Gitea.com}
}

@misc{a2024_drone,
	title = {Drone CI / CD | Drone},
	url = {https://docs.drone.io/},
	urldate = {2024-03-25},
	year = {2024},
	organization = {Drone.io}
}

@misc{awad_2020_how,
	author = {Awad, Ben},
	month = {12},
	title = {How to Code a VSCode Extension},
	url = {https://www.youtube.com/watch?v=a5DX5pQ9p5M},
	urldate = {2024-03-25},
	year = {2020},
	organization = {YouTube}
}

@misc{eliostruyf_2022_how,
	author = {Elio Struyf},
	title = {How to use the Microsoft auth provider in Visual Studio Code},
	url = {https://www.eliostruyf.com/microsoft-authentication-provider-visual-studio-code/},
	urldate = {2024-03-25},
	year = {2022},
	organization = {Elio Struyf}
}